<?xml version="1.0" encoding="UTF-8"?><collection xmlns="http://www.loc.gov/MARC21/slim"><record><leader>00383nam--2200133-i-4500</leader><controlfield tag="001">000010707</controlfield><controlfield tag="002">20161230</controlfield><controlfield tag="005">20161230201028</controlfield><controlfield tag="008">060222s1000------------r-----000-0-eng-d</controlfield><datafield ind1=" " ind2=" " tag="100"><subfield code="a">Adam, S., Pavelescu, M., Purica, I</subfield></datafield><datafield ind1=" " ind2=" " tag="245"><subfield code="a">Criticality studies of multizone fast breeder reactors in couple u238 - pu239</subfield></datafield><datafield ind1=" " ind2=" " tag="260"><subfield code="a">Bucuresti, Ifa, 1973 21 P</subfield></datafield><datafield ind1=" " ind2=" " tag="490"><subfield code="a">104-1973</subfield></datafield><datafield ind1=" " ind2=" " tag="852"><subfield code="a">38774</subfield></datafield></record></collection>